Automatically generated by Mendeley Desktop 1.16.3
Any changes to this file will be lost if it is regenerated by Mendeley.

BibTeX export options can be customized via Options -> BibTeX in Mendeley Desktop

@article{Bershadsky2016,
abstract = {One of the more daunting tasks of designing a multirotor unmanned aerial vehicle (UAV) is the selection of a propulsion system that will provide desired performance. Rigorous methods for selecting these drive components, that is, the motors, propellers, and batter-ies for electric UAVs are not readily available. Currently, many UAV designs are based on legacy selections or limited and at times incorrect manufacturer data. These design methods are either simplistic or lacking in analysis and validation of component selection. Proper propulsion system design should address the mission requirements for which the vehicle is being designed. A proper design methodology is the best chance that the designer has to create a new vehicle that will be mission-capable. This paper attempts to satisfy the need for more thorough method of propulsion component selection. The paper is written also to document the popular online drive system analysis tool due to numerous requests. This tool is one example implementation of the methodologies described by this paper. Nomenclature $\alpha$ angle of attack $\beta$ blade physical twist B number of blades per propeller c wing chord c R c/R C b discharge rating C D drag coefficient C L lift coefficient C energy capacity dr blade radial section d t throttle command dt change in time dL incremental lift dQ incremental torque $\eta$ E ESC efficiency $\eta$ M motor efficiency $\eta$ G gearing efficiency G gear ratio I 0 no load current drawn by 1 motor I a current drawn by avionics I d current drawn by all motors I m current drawn by 1 motor I p current drawn by payload I t current drawn total K v motor speed constant L total blade lift M tip blade tip Mach number m avn avionics mass m b battery mass m e ESC mass m m motor mass m p total propeller mass m pay payload mass m t total vehicle mass m w motor mass N m number of motors N p number of propellers $\omega$ rotations per minute p p propeller pitch p mat propeller composition P e electrical power P m mechanical power Q total blade torque r blade radial section location r R r/R R rotor radius R b battery internal resistance R e ESC internal resistance, also R DSON R m motor internal resistance R w wiring harness internal resistance s battery serial cells S wing span $\theta$ vehicle pitch w.r.t. local vertical V c operational voltage per cell V s voltage seen by motor coils w rotational speed rad/s},
author = {Bershadsky, Dmitry and Haviland, Steven and Johnson, Eric N},
doi = {10.2514/6.2016-0581},
file = {:C$\backslash$:/Users/Eva Mar{\'{i}}a/Google Drive/GrEVA/TFG/antes/First contact with the main areas of the project/Electric multirotor propulsion system sizing for performanze prediction and design optimizarion.pdf:pdf},
isbn = {978-1-62410-392-6},
journal = {57th AIAA/ASCE/AHS/ASC Structures, Structural Dynamics, and Materials Conference},
number = {January},
pages = {1--20},
title = {{Electric Multirotor UAV Propulsion System Sizing for Performance Prediction and Design Optimization}},
url = {http://arc.aiaa.org/doi/10.2514/6.2016-0581},
year = {2016}
}
@article{Drozd2015,
author = {Drozd, Andrew L},
file = {:C$\backslash$:/Users/Eva Mar{\'{i}}a/Google Drive/GrEVA/TFG/Tarea 2/bibliografia/MILCOM2015PPTDrozd-ANDROIII.pdf:pdf},
number = {October},
title = {{Spectrum ‐ Secure Communications for Autonomous Uas / Uav Platforms}},
year = {2015}
}
@article{voskhod,
abstract = {Leonov durante su paseo espacial El 18 de marzo de 1965 el cosmonauta sovi{\'{e}}tico Aleks{\'{e}}i Le{\'{o}}nov se convert{\'{i}}a en el primer ser humano...},
journal = {Microsiervos},
keywords = {Ciencia},
publisher = {http://www.internality.com/},
title = {{La pesadilla de la Voskhod 2 y el primer paseo espacial}},
year = {2013}
}
@phdthesis{P2010,
author = {{Endri Bregu}, Laurea},
file = {:C$\backslash$:/Users/Eva Mar{\'{i}}a/Google Drive/GrEVA/TFG/Tarea 2/bibliografia/2015{\_}07{\_}Bregu.pdf:pdf},
isbn = {3933348951},
pages = {1--99},
title = {{Re-engineering of Aerial Drone Autopilot Firmware with Reactive Programming}},
year = {2015}
}
@article{Agropecuario2013,
author = {{Est{\'{i}}baliz Asunci{\'{o}}n Cotelo}, Marina},
file = {:C$\backslash$:/Users/Eva Mar{\'{i}}a/Google Drive/GrEVA/TFG/Tarea 1/bibliografia/PFC{\_}MARINA{\_}ESTIBALIZ{\_}ASUNCION{\_}COTELO.pdf:pdf},
title = {{Huella de carbono y huella ecol{\'{o}}gica de la empresa hisp{\'{a}}nica de aviaci{\'{o}}n, S.A. Aplicaci{\'{o}}n para la toma de decisiones en la intervenci{\'{o}}n contra incendios forestales.}},
year = {2013}
}
@misc{HobbyKing,
author = {HobbyKing},
file = {:C$\backslash$:/Users/Eva Mar{\'{i}}a/Google Drive/GrEVA/TFG/Tarea 2/bibliografia/205490820X7478X2.pdf:pdf},
title = {{Quadcopter X666 User Manual.pdf}}
}
@misc{civil,
booktitle = {Heraldo},
month = {feb},
title = {{La Guardia Civil realiz{\'{o}} 920 rescates de monta{\~{n}}a en 2015, casi la mitad en Arag{\'{o}}n.}},
url = {http://www.heraldo.es/noticias/aragon/2016/02/06/la-guardia-civil-realizo-920-rescates-montana-2015-casi-mitad-aragon-748447-300.html},
year = {2016}
}
@misc{freq,
author = {Anderson, Chris},
title = {{Some tips on picking frequencies - DIY Drones}},
url = {http://diydrones.com/profiles/blogs/some-tips-on-picking-frequencies},
year = {2012}
}
@article{BateriaLipo,
author = {Una, L O S Criterios D E and Bateria, Buena},
file = {:C$\backslash$:/Users/Eva Mar{\'{i}}a/Google Drive/GrEVA/TFG/Tarea 2/bibliografia/LIPOS.pdf:pdf},
title = {{Las baterias lipos, prueba y comparacion}}
}
@article{Team2008,
abstract = {A battery is a device that converts chemical energy into electrical energy and vice versa. This summary provides an introduction to the terminology used to describe, classify, and compare batteries for hybrid, plug-in hybrid, and electric vehicles. It provides a basic background, defines the variables used to characterize battery operating conditions, and describes the manufacturer specifications used to characterize battery nominal and maximum characteristics.},
author = {{Mit Electric Vehilce}},
file = {:C$\backslash$:/Users/Eva Mar{\'{i}}a/Google Drive/GrEVA/TFG/Tarea 2/bibliografia/summary{\_}battery{\_}specifications.pdf:pdf},
journal = {Current},
number = {December},
pages = {1--3},
title = {{A Guide to Understanding Battery Specifications}},
year = {2008}
}
@misc{EMAXmotors,
author = {EMAX},
file = {:C$\backslash$:/Users/Eva Mar{\'{i}}a/Google Drive/GrEVA/TFG/Tarea 2/bibliografia/emax.pdf:pdf},
title = {{Brushless Motors}}
}
@misc{missionplanner,
title = {{Mission Planner Home — Mission Planner documentation}},
url = {http://ardupilot.org/planner/index.html}
}
@article{Chopra2004,
author = {Chopra, K. L. and Paulson, P. D. and Dutta, V.},
doi = {10.1002/pip.541},
file = {:C$\backslash$:/Users/Eva Mar{\'{i}}a/Google Drive/GrEVA/TFG/antes/First contact with the main areas of the project/Chopra{\_}et{\_}al-2004-Progress{\_}in{\_}Photovoltaics-{\_}Research{\_}and{\_}Applications.pdf:pdf},
isbn = {1062-7995},
issn = {1062-7995},
journal = {Progress in Photovoltaics: Research and Applications},
keywords = {maturity index,review,thin films,thin-film solar cells},
number = {23},
pages = {69--92},
pmid = {21723737},
title = {{Thin-film solar cells: an overview}},
url = {http://doi.wiley.com/10.1002/pip.541},
volume = {12},
year = {2004}
}
@article{ITU-R2009,
abstract = {Report ITU-R M.2171},
author = {ITU-R},
file = {:C$\backslash$:/Users/Eva Mar{\'{i}}a/Google Drive/GrEVA/TFG/Tarea 2/bibliografia/R-REP-M.2171-2009-PDF-E.pdf:pdf},
journal = {Report ITU-R},
title = {{Characteristics of unmanned aircraft systems and spectrum requirements to support their safe operation in non-segregated airspace}},
volume = {M.2171},
year = {2009}
}
