@misc{endesa,
author = {Endesa},
title = {{Precios de Tarifas Reguladas Luz y Gas}},
url = {https://www.endesaclientes.com/articulos/tarifas-reguladas-luz-gas.html}
}
