@misc{EUI,
author = {{Energy Star}},
file = {::},
title = {{US Energy Use Intensity by Property Type}},
year = {2016}
}
