@misc{inf,
title = {{Precios de contratos de mantenimiento en Madrid | Fojenet}},
url = {https://www.fojenet.com/mantenimiento-informatico-madrid/precios/}
}
