Automatically generated by Mendeley Desktop 1.16.3
Any changes to this file will be lost if it is regenerated by Mendeley.

BibTeX export options can be customized via Options -> BibTeX in Mendeley Desktop

@article{Dr.EmadS.Othman2012,
author = {{Dr. Emad S. Othman}, Dr. Mohammed M. Sakre},
file = {:C$\backslash$:/Users/Eva Mar{\'{i}}a/Documents/Projecte Astrea/Communications/Encriptaci{\'{o}}n/bibliografia/researchpaper{\%}5CCompression-and-Encryption-Algorithms-for-Image-Satellite-Communication-Image.pdf:pdf},
isbn = {0020010065257},
journal = {International Journal of Scientific {\&} Engineering Research},
number = {9},
pages = {1--4},
title = {{Compression and Encryption Algorithms for Image Satellite Communication}},
volume = {3},
year = {2012}
}
@article{Mulualem2015,
author = {Mulualem, Getachew Mehabie},
file = {:C$\backslash$:/Users/Eva Mar{\'{i}}a/Documents/Projecte Astrea/Communications/Encriptaci{\'{o}}n/bibliografia/mulualem.pdf:pdf},
title = {{Compression and Encryption for Satellite Images : a Comparison Between Squeeze Cipher and Spatial Simulations Compression and Encryption for Satellite Images : a Comparison Between Squeeze}},
year = {2015}
}
@article{M.Barukab2012,
author = {M.Barukab, Omar and Khan, Asif Irshad and {Sharief Shaik}, Mahaboob and {Ramana Murthy}, Mv and {Ali Khan}, Shahid},
doi = {10.5815/ijieeb.2012.02.06},
file = {:C$\backslash$:/Users/Eva Mar{\'{i}}a/Documents/Projecte Astrea/Communications/Encriptaci{\'{o}}n/bibliografia/IJIEEB-V4-N2-6.pdf:pdf},
issn = {20749023},
journal = {International Journal of Information Engineering and Electronic Business},
number = {2},
pages = {36--42},
title = {{Secure Communication using Symmetric and Asymmetric Cryptographic Techniques}},
url = {http://www.mecs-press.org/ijieeb/ijieeb-v4-n2/v4n2-6.html},
volume = {4},
year = {2012}
}
@article{Sayeda2007,
author = {Sayeda, Pokhali and Bano, Roohi},
file = {:C$\backslash$:/Users/Eva Mar{\'{i}}a/Documents/Projecte Astrea/Communications/Encriptaci{\'{o}}n/bibliografia/442631.pdf:pdf},
number = {October},
title = {{Satellite On-Board Encryption}},
year = {2007}
}
@article{Keesee,
author = {Keesee, Col John},
file = {:C$\backslash$:/Users/Eva Mar{\'{i}}a/Documents/Projecte Astrea/Communications/Encriptaci{\'{o}}n/bibliografia/l21satelitecomm2{\_}done.pdf:pdf},
title = {{Satellite Communications Architecture}}
}
