Automatically generated by Mendeley Desktop 1.16.3
Any changes to this file will be lost if it is regenerated by Mendeley.

BibTeX export options can be customized via Options -> BibTeX in Mendeley Desktop

@article{CC2006,
author = {CCSDS},
file = {:C$\backslash$:/Users/Eva Mar{\'{i}}a/Documents/Projecte Astrea/Communications/Bibliografia interesante/732x0b3.pdf:pdf},
number = {July},
title = {{Recommendation for Space Data System Standards AOS SPACE DATA LINK PROTOCOL}},
year = {2006}
}
