@book{Forouzan2007,
author = {Forouzan, Behrouz A},
booktitle = {McGraw-HilI Forouzan networking series},
editor = {Edition, Fourth},
publisher = {McGraw-Hill},
title = {{Data Communications and Networking}},
year = {2007}
}
