Automatically generated by Mendeley Desktop 1.16.3
Any changes to this file will be lost if it is regenerated by Mendeley.

BibTeX export options can be customized via Options -> BibTeX in Mendeley Desktop

@article{Startup2015,
author = {Startup, Jim and Lee, David K},
pages = {1--11},
title = {{Space Symposium, Technical Track, Colorado Springs, Colorado, United States of America Presented on April 13 ‚Äê 14, 2015}},
year = {2015}
}
@article{Madni,
author = {Madni, Mohamed Atef and Tubbal, Faisel},
pages = {1--10},
title = {{Inter-CubeSat Communications : Routing Between CubeSat Swarms in a DTN Architecture}}
}
@article{ISC,
archivePrefix = {arXiv},
arxivId = {1609.08583},
author = {Radhakrishnan, Radhika and Edmonson, William and Afghah, Fatemeh and Rodriguez-Osorio, Ramon and Pinto, Frank and Burleigh, Scott},
doi = {10.1109/COMST.2016.2564990},
eprint = {1609.08583},
issn = {1553-877X},
journal = {IEEE Communications Surveys {\&} Tutorials},
number = {c},
pages = {1--51},
title = {{Survey of Inter-satellite Communication for Small Satellite Systems: An OSI Framework Approach}},
year = {2016}
}
@article{Bedon2013,
author = {Bedon, Hector},
doi = {10.6029/smartcr.2013.05.009},
issn = {22344624},
journal = {The Smart Computing Review},
keywords = {009,05,10,2013,6029,aloha,doi,dtn,nanosatellites networks,sensor networks,smartcr},
number = {5},
pages = {383--396},
title = {{A DTN System for Nanosatellite-based Sensor Networks using a New ALOHA Multiple Access with Gateway Priority}},
volume = {3},
year = {2013}
}
