Automatically generated by Mendeley Desktop 1.16.3
Any changes to this file will be lost if it is regenerated by Mendeley.

BibTeX export options can be customized via Options -> BibTeX in Mendeley Desktop

@book{J.Wertz,
annote = {TO DOWNLOAD:
http://mmahdi302.persiangig.com/Wertz{\%}20J.R.{\%}20Spacecraft{\%}20Attitude{\%}20Determination{\%}20and{\%}20Control.pdf/download?0f3a},
author = {J.Wertz},
publisher = {D.Reidel Publishing Company},
title = {{Spacecraft Attitude Determination and Control}}
}
@book{FortescueP.W.,
annote = {TO DOWNLOAD:

http://www.spaceatdia.org/uploads/mariano/ss1/Spacecraft{\%}20Systems{\%}20Engineering.pdf},
author = {{Fortescue, P.W.}, Stark and J.P.},
publisher = {John Wiley {\&} Sons.},
title = {{Spacecraft Systems Engineering}}
}
@book{W.L.Larson,
annote = {TO Download: https://www.google.es/url?sa=t{\&}rct=j{\&}q={\&}esrc=s{\&}source=web{\&}cd=1{\&}cad=rja{\&}uact=8{\&}ved=0ahUKEwiXnuOkydDPAhUFvxQKHUZVB6gQFggcMAA{\&}url=http{\%}3A{\%}2F{\%}2Fdeseng.ryerson.ca{\%}2F{\~{}}fil{\%}2FI{\%}2FPapers{\%}2FDamianPapers{\%}2FSMAD.pdf{\&}usg=AFQjCNFAagzQ1q9NBKwCsWWwmIu8lnI9UQ{\&}sig2=TiyRwNB4Bd{\_}EM-BLiZ5APw{\&}bvm=bv.135258522,d.bGg},
author = {{W.L. Larson}, J.Wertz},
editor = {Group, Kluwer Academic Publishers},
title = {{Space Mission Analysis and Design}}
}
@book{Brown,
author = {Brown, C.D.},
publisher = {AIAA education series},
title = {{Spacecraft mission design}}
}
@book{W.J.Larson1999,
author = {{W. J. Larson}, L. K. Pranke},
isbn = {007236811X},
title = {{Human Spaceflight: Mission Analysis and Design}},
year = {1999}
}
