Automatically generated by Mendeley Desktop 1.16.3
Any changes to this file will be lost if it is regenerated by Mendeley.

BibTeX export options can be customized via Options -> BibTeX in Mendeley Desktop

@article{SpaceWorks,
author = {{E. Buchen} and {D. DePasquale}},
pages = {1--18},
title = {{Nano/Microsatellite Market Assessment 2014}},
year = {2014}
}
@article{Gaye,
author = {Gaye, Ababacar},
pages = {1--28},
title = {{The Satellite Economics â€“ Beyond the Cost per MHz}}
}
