Automatically generated by Mendeley Desktop 1.16.3
Any changes to this file will be lost if it is regenerated by Mendeley.

BibTeX export options can be customized via Options -> BibTeX in Mendeley Desktop

@article{Cakaj2014,
author = {Cakaj, Shkelzen and Kamo, Bexhet and Lala, Algenti and Rakipi, Alban},
journal = {(IJACSA) International Journal of Advanced Computer Science an Applicationa},
number = {6},
pages = {6--10},
title = {{The Coverage Analysis for Low Earth Orbiting Satellites at Low Elevation}},
volume = {5},
year = {2014}
}
@article{Shambayati2008,
author = {Shambayati, Shervin},
journal = {Low-Noise Systems in the Deep Space {\ldots}},
pages = {255--281},
title = {{Atmosphere attenuation and noise temperature at microwave frequencies}},
url = {http://descanso.jpl.nasa.gov/Monograph/series10/06{\_}Reid{\_}chapt+6.pdf},
year = {2008}
}
@article{Gomez2013,
author = {G{\'{o}}mez, Jorge Cantero},
number = {June},
title = {{Communication link design at 437 . 5 MHz for a nanosatellite}},
year = {2013}
}
@article{Long2014,
author = {Long, Fei},
doi = {10.1007/978-3-642-54353-1},
isbn = {9783642543531},
journal = {Satellite Network Robust QoS-aware Routing},
pages = {1--131},
title = {{Satellite network robust qos-aware routing}},
year = {2014}
}
@article{BookchapterinServiceEfficientNetworkInterconnectionviaSatellite2002,
author = {{book chapter in Service Efficient Network Interconnection via Satellite}},
isbn = {0471486698},
title = {{Satellite Constellation Design for Network Interconnection Using Non-Geo Satellites}},
volume = {8},
year = {2002}
}
@article{Zubair2011,
author = {Zubair, Muhammad and Haider, Zaffar and Khan, Shahid a and Nasir, Jamal},
journal = {PRZEGL{\c{A}}D ELEKTROTECHNICZNY (Electrical Review)},
keywords = {cross polar discrimination,ionosphere,komunikacja satelitarna,propagacja fal radiowych,radio propagation,rain attenuation,s {\l} owa kluczowe},
number = {5},
pages = {261--264},
title = {{Atmospheric influences on satellite communications}},
volume = {87},
year = {2011}
}
@article{Luini2015,
author = {Luini, Lorenzo and Capsoni, Carlo and Riva, Carlo and Emiliani, Luis David},
doi = {10.1049/iet-map.2014.0837},
issn = {17518733},
pages = {1--6},
title = {{Predicting total tropospheric attenuation on monthly basis}},
year = {2015}
}
@article{By1997,
abstract = {atenuacion debida a los gases atmosfericos de la atenuacion causada por los gases en la gama de frecuencias de 1 a 350 GHz},
author = {{ITU Radiocommunication Assembly}},
title = {{ATTENUATION BY ATMOSPHERIC GASES}},
volume = {3},
year = {1997}
}
@article{ITURadiocommunicationAssembly1997,
author = {{ITU Radiocommunication Assembly}},
title = {{ANALYTICAL METHOD TO CALCULATE VISIBILITY STATISTICS FOR NON-GEOSTATIONARY SATELLITE ORBIT SATELLITES AS SEEN FROM A POINT ON THE EARTH'S SURFACE}},
year = {1997}
}
