@misc{KubOS,
author = {KubOS},
title = {http://docs.kubos.co/0.0.1/libcsp/index.html},
url = {http://docs.kubos.co/0.0.1/libcsp/index.html}
}
@misc{GomSpace,
author = {GomSpace},
title = {{https://github.com/GomSpace/libcsp}},
url = {https://github.com/GomSpace/libcsp},
urldate = {2016-10-21}
}
