Automatically generated by Mendeley Desktop 1.16.3
Any changes to this file will be lost if it is regenerated by Mendeley.

BibTeX export options can be customized via Options -> BibTeX in Mendeley Desktop

@article{Team2008,
abstract = {A battery is a device that converts chemical energy into electrical energy and vice versa. This summary provides an introduction to the terminology used to describe, classify, and compare batteries for hybrid, plug-in hybrid, and electric vehicles. It provides a basic background, defines the variables used to characterize battery operating conditions, and describes the manufacturer specifications used to characterize battery nominal and maximum characteristics.},
author = {Team, Mit Electric Vehilce},
file = {:C$\backslash$:/Users/Eva Mar{\'{i}}a/Google Drive/GrEVA/TFG/Tarea 2/bibliografia/summary{\_}battery{\_}specifications.pdf:pdf},
journal = {Current},
number = {December},
pages = {1--3},
title = {{A Guide to Understanding Battery Specifications}},
year = {2008}
}
@misc{HobbyKing,
author = {HobbyKing},
file = {:C$\backslash$:/Users/Eva Mar{\'{i}}a/Google Drive/GrEVA/TFG/Tarea 2/bibliografia/205490820X7478X2.pdf:pdf},
title = {{Quadcopter X666 User Manual.pdf}}
}
@article{Agropecuario2013,
author = {Agropecuario, Ingeniero Mecanizador},
file = {:C$\backslash$:/Users/Eva Mar{\'{i}}a/Google Drive/GrEVA/TFG/Tarea 1/bibliografia/PFC{\_}MARINA{\_}ESTIBALIZ{\_}ASUNCION{\_}COTELO.pdf:pdf},
title = {{Universidad Polit{\'{e}}cnica De Madrid}},
year = {2013}
}
@article{BateriaLipo,
author = {Una, L O S Criterios D E and Bateria, Buena},
file = {:C$\backslash$:/Users/Eva Mar{\'{i}}a/Google Drive/GrEVA/TFG/Tarea 2/bibliografia/LIPOS.pdf:pdf},
title = {{Las baterias lipos, prueba y comparacion}}
}
@article{EMAXmotors,
author = {Range, Product},
file = {:C$\backslash$:/Users/Eva Mar{\'{i}}a/Google Drive/GrEVA/TFG/Tarea 2/bibliografia/emax.pdf:pdf},
title = {{EMAX Brushless Motors}},
year = {1800}
}
