Automatically generated by Mendeley Desktop 1.16.3
Any changes to this file will be lost if it is regenerated by Mendeley.

BibTeX export options can be customized via Options -> BibTeX in Mendeley Desktop

@article{Cornara,
author = {Cornara, Stefania and Beech, Theresa W and Bell{\'{o}}-mora, Miguel and Aragon, Antonio Martinez De and Gmv, S A},
keywords = {constellation replacement,end-of-life policy,launcher selection,orbit transfer,satellite constellation deployment,strategy},
pages = {19},
title = {{SSC99-X-1}},
url = {http://digitalcommons.usu.edu/cgi/viewcontent.cgi?article=2182{\&}context=smallsat}
}
