Automatically generated by Mendeley Desktop 1.16.3
Any changes to this file will be lost if it is regenerated by Mendeley.

BibTeX export options can be customized via Options -> BibTeX in Mendeley Desktop

@article{GomSpace2011,
author = {GomSpace},
title = {{DFF-GOM-MA-1135 [1.0] - NanoPower P-series Solar Cell and Battery Connections The NanoPower-Series}},
url = {http://gomspace.com/documents/GS-SOLAR-BATTERY-CONFIG-NANOPOWER-1.0.0.pdf},
year = {2011}
}
@article{GOMSpace2012,
author = {GOMSpace},
journal = {Gs-Ds-Nanocom-Ant-1.1},
number = {1},
pages = {1--7},
title = {{NanoCom ANT430 70 cm band antenna Datasheet}},
volume = {1},
year = {2012}
}
@article{Pumpkin2015,
author = {Pumpkin},
number = {415},
pages = {1--31},
title = {{Pumpkin Price List}},
year = {2015}
}
@article{Plate2007,
author = {Plate, Payload Adapter},
pages = {3000},
title = {{Structural Components Modules {\&} Electronics Transport Legend}},
year = {2007}
}
